<record><leader>00000cas a22000007a 4500</leader><controlfield tag="001">15926048</controlfield><controlfield tag="008">870612d18461847paudn ne      0    0ger d</controlfield><controlfield tag="009">5601</controlfield><datafield ind1=" " ind2=" " tag="010"><subfield code="a">sn 87078322 </subfield></datafield><datafield ind1=" " ind2=" " tag="040"><subfield code="a">NPH</subfield><subfield code="b">eng</subfield><subfield code="c">NPH</subfield><subfield code="d">OCLCQ</subfield></datafield><datafield ind1=" " ind2=" " tag="042"><subfield code="a">msc</subfield></datafield><datafield ind1="0" ind2="4" tag="245"><subfield code="a">Die Stadt-Post.</subfield></datafield><datafield ind1=" " ind2=" " tag="260"><subfield code="a">Philadelphia [Pa.] :</subfield><subfield code="b">J.H. Schwacke,</subfield><subfield code="c">1846-1847.</subfield></datafield><datafield ind1=" " ind2=" " tag="300"><subfield code="a">v. :</subfield><subfield code="b">ill. (chiefly advertisements) ;</subfield><subfield code="c">42 cm.</subfield></datafield><datafield ind1=" " ind2=" " tag="310"><subfield code="a">Daily (except Sunday)</subfield></datafield><datafield ind1="0" ind2=" " tag="362"><subfield code="a">No. 1 (7. Nov. 1846)-No. 299 (25. Oct. 1847).</subfield></datafield><datafield ind1=" " ind2=" " tag="500"><subfield code="a">"Ta&#776;glich herausgegeben von Freunden der einheimischen Industrie."</subfield></datafield><datafield ind1=" " ind2=" " tag="752"><subfield code="a">United States</subfield><subfield code="b">Pennsylvania</subfield><subfield code="c">Philadelphia</subfield><subfield code="d">Philadelphia.</subfield></datafield></record>